<?xml version="1.0" encoding="UTF-8"?><record xmlns="http://www.loc.gov/MARC21/slim" xmlns:cinclude="http://apache.org/cocoon/include/1.0" xmlns:zs="http://www.loc.gov/zing/srw/">
  <leader>00551cz  a2200145n  4500</leader>
  <controlfield tag="001">n  96018395 </controlfield>
  <controlfield tag="003">DLC</controlfield>
  <controlfield tag="005">20001107071056.0</controlfield>
  <controlfield tag="008">960228n| acannaabn          |a aaa      </controlfield>
  <datafield tag="010" ind1=" " ind2=" ">
    <subfield code="a">n  96018395 </subfield>
  </datafield>
  <datafield tag="035" ind1=" " ind2=" ">
    <subfield code="a">(OCoLC)oca04018393</subfield>
  </datafield>
  <datafield tag="040" ind1=" " ind2=" ">
    <subfield code="a">DLC</subfield>
    <subfield code="b">eng</subfield>
    <subfield code="c">DLC</subfield>
    <subfield code="d">OCoLC</subfield>
  </datafield>
  <datafield tag="100" ind1="1" ind2=" ">
    <subfield code="a">Náyar Parada, Guido,</subfield>
    <subfield code="d">1962-</subfield>
  </datafield>
  <datafield tag="400" ind1="1" ind2=" ">
    <subfield code="a">Parada, Guido Náyar,</subfield>
    <subfield code="d">1962-</subfield>
  </datafield>
  <datafield tag="670" ind1=" " ind2=" ">
    <subfield code="a">Prontuario de un corrupto, 1995:</subfield>
    <subfield code="b">t.p. (Dr. Guido Náyar Parada, diputado nacional-ADN [Acción Democrática Nacionalista, Bolivia]) p. 4 of cover (b. 02-20-1962 in Santa Cruz de la Sierra;</subfield>
  </datafield>
</record>